@article{Hill_2015,
author = {Hill, Dan},
title = {How much is your spare room worth?},
journal = {IEEE Spectrum},
publisher = {IEEE},
volume = 52,
pages = {32--58},
month = aug,
year = 2015}

@inBook{Geron_2017,
author = {Géron, Aurélien},
title = {Hands-On Machine Learning with Scikit-Learn and TensorFlow: Concepts, Tools, and Techniques to Build Intelligent Systems},
chapter = {Machine Learning Project Checklist},
publisher = {O'Reilly Media},
year = 2017}

@article{Sklearn_2011,
author = {Pedregosa, F. and Varoquaux, G. and Gramfort, A. and Michel, V. and Thirion, B. and Grisel, O. and Blondel, M. and Prettenhofer, P. and Weiss, R. and Dubourg, V. and Vanderplas, J. and Passos, A. and Cournapeau, D. and Brucher, M. and Perrot, M. and Duchesnay, E.},
title = {Scikit-learn: Machine Learning in Python},
journal = {Journal of Machine Learning Research},
volume = 12,
pages = {2825--2830},
year = 2011}

@inproceedings{Sklearn_2013,
author = {Buitinck, L. and Louppe, G. and Blondel, M. and Pedregosa, F. and Mueller, A. and Grisel, O. and Niculae, V. and Prettenhofer, P. and Gramfort, A. and Grobler, J. and Layton, R. and Vanderplas, J. and Joly, A. and Holt, B. and Varoquaux, G.},
title = {API Design for Machine Learning Software: Experiences from the Scikit-Learn Project},
booktitle = {ECML PKDD Workshop: Languages for Data Mining and Machine Learning},
pages = {108--122},
year = 2013}

@Inproceedings{Burges_2005,
author = {Burges, Chris and Shaked, Tal and Renshaw, Erin and Lazier, Ari and Deeds, Matt and Hamilton, Nicole and Hullender, Greg},
title = {Learning to Rank Using Gradient Descent},
booktitle = {Proceedings of the 22nd International Conference on Machine Learning},
year = 2005}

@Inproceedings{Ho_1995,
author = {Ho, Tin Kam},
title = {Random Decision Forests},
booktitle = {Proceedings of the 3rd International Conference on Document Analysis and Recognition},
year = 1995}

@article{Freund_1997,
author = {Freund, Yoav and Schapire, Robert E.},
title = {A Decision-Theoretic Generalization of On-Line Learning and an Application to Boosting},
journal = {Journal of Computer and System Sciences},
publisher = {Elsevier},
volume = 55,
pages = {119--139},
month = aug,
year = 1997}

@article{Geurts_2006,
author = {Geurts, Pierre and Ernst, Damien and Wehenkel, Louis},
title = {Extremely Randomized Trees},
journal = {Machine Learning},
publisher = {Springer US},
volume = 63,
pages = {3--42},
month = apr,
year = 2006}

@techreport{Breiman_1997,
author = {Breiman, Leo},
title = {Arcing the Edge},
institution = {Statistics Department, University of California at Berkeley, USA},
type = {Technical Report},
volume = 486,
year = 1997}

@inBook{Hinton_1990,
author = {Hinton, Geoffrey E.},
title = {Machine Learning: an Artificial Intelligence Approach},
volume = 3,
chapter = {Connectionist Learning Procedures},
pages = {555--610},
publisher = {Morgan Kaufmann Publishers},
year = 1990}

@inproceedings{VanHalteren_1998,
author = {van Halteren, Hans and Zavrel, Jakub and Daelemans, Walter},
title = {Improving Data Driven Wordclass Tagging by System Combination},
booktitle = {Proceedings of the 17th International Conference on Computational Linguistics},
year = 1998}

@article{Halevy_2009,
author = {Halevy, Alon and Norvig, Peter and Pereira, Fernando},
title = {The Unreasonable Effectiveness of Data},
journal = {IEEE Intelligent Systems},
volume = 24,
pages = {8--12},
year = 2009}

@article{Chawla_2002,
author = {Chawla, N. V. and Bowyer, K. W. and Hall, L. O. and Kegelmeyer, W. P.},
title = {SMOTE: Synthetic Minority Over-sampling Technique},
journal = {Journal of Artificial Intelligence Research},
volume = 16,
pages = {321--357},
month = jun,
year = 2002}

@inproceedings{Chen_2016,
author = {Chen, Tianqi and Guestrin, Carlos},
title = {XGBoost: A Scalable Tree Boosting System},
year = 2016}